@Manual{Anderson1997,
  author = {Anderson, C. R.},
  title = {Object recognition using statistical shape analysis},
  year = 1997,
  organization = {University of Leeds},
  note = {PhD thesis},
} 
@article{CederbaumEtAl2016,
  author = {Cederbaum, J. and Pouplier, M. and Hoole, P. and Greven, S.},
  title ={Functional linear mixed models for irregularly or sparsely sampled data},
  journal = {Statistical Modelling},
  volume = {16},
  number = {1},
  pages = {67-88},
  year = {2016}
}
@article{CederbaumScheiplGreven2018,
  author = {J. {Cederbaum} and F. {Scheipl} and S. {Greven}},
  title = {Fast Symmetric Additive Covariance Smoothing},
  year = 2018,
  journal = {Computational Statistics \& Data Analysis},
  volume = 120,
  pages = {25--41},
}
@article{Davidson2006,
  author = {Davidson, L.},
  title = {Comparing tongue shapes from ultrasound imaging using smoothing spline analysis of variance},
  journal = {The Journal of the Acoustical Society of America},
  volume = {120},
  number = {1},
  pages = {407-415},
  year = {2006}
}
@book{DrydenMardia2016,
  author = {I. L. {Dryden} and K. V. {Mardia}},
  title = {Statistical Shape Analysis with Applications in R},
  publisher = {John Wiley and Sons Ltd},
  edition = 2,
  year = 2016,
}
@book{FahrmeierEtAl2013,
  author = {L. {Fahrmeier} and T. {Kneib} and S. {Lang} and B. {Marx}},
  title = {Regression},
  subtitle = {Models, Methods and Applications},
  year = 2013,
  publisher = {Springer},
  location = {Berlin, Heidelberg},
}
@article{Frechet1948,
    author = {Fr\'echet, M. R.},
    title = {Les \'el\'ements al\'eatoires de nature quelconque dans un espace distanci\'e},
    journal = {Annales de l'institut Henri Poincar\'e},
    pages = {215--310},
    publisher = {INSTITUT HENRI POINCAR\'E ET GAUTHIER-VILLARS},
    volume = {10},
    number = {4},
    year = {1948},
    language = {fr}
}
@article{Karcher1977,
    author={Karcher, H.},
    title={Riemannian center of mass and mollifier smoothing},
    year={1977},
    journal={Communications on Pure and Applied Mathematics},
    volume={30},
    number={5},
    pages={509-541}
}
@article{Kendall1977, 
    author={Kendall, D. G.}, 
    title={The diffusion of shape},
    year={1977}, 
    journal={Advances in Applied Probability}, 
    volume={9}, 
    number={3}, 
    publisher={Cambridge University Press}, 
    pages={428–430}
}
@Inbook{PouplierEtAl2014,
  author = {Pouplier, M. and Hoole, P. and Cederbaum, J. and Greven, S. and Pastätter, M.}, 
  title = {Perceptual and articulatory factors in German fricative assimilation},
  editor = {Fuchs, S. and Grice, M. and Hermes, A. and Lancia, L. and Mücke, D.},
  booktitle = {Proceedings of the 10th International Seminar on Speech Production (ISSP)},
  year = {2014},
  pages = {332–335}
}
@Book{RamsaySilverman2005,
  author       = {Ramsay, J. and Silverman, B. W.},
  title        = {Functional Data Analysis},
  year         = {2005},
  series       = {Springer series in statistics}
}
@Article{Rao1945,
  author    = {Rao, C. R.},
  title     = {Information and accuracy attainable in the estimation of statistical parameters},
  year      = {1945},
  journal   = {Bulletin of Calcutta Mathematical Society},
  volume    = {37},
  pages     = {81-91}
}
@Article{Redd2012,
  author    = {Redd, A.},
  title     = {A comment on the orthogonalization of B-spline basis functions and their derivatives},
  year      = {2012},
  journal   = {Stat Comput},
  volume    = {22},
  pages     = {251-257}
}
@Article{ReissXu2020,
  author    = {Reiss, P. T. and Xu, Meng},
  title     = {Tensor product splines and functional principal components},
  year      = {2020},
  journal   = {Journal of Statistical Planning and Inference},
  volume    = {208},
  pages     = {1-12}
}
@article{SrivastavaEtAl2011,
  author = {A. {Srivastava} and E. P. {Klassen} and S. H. {Joshi} and I. H. {Jermyn}},
  title = {Shape Analysis of Elastic Curves in Euclidean Spaces},
  journal={IEEE Transactions on Pattern Analysis and Machine Intelligence}, 
  year = 2011,
  volume = 33,
  number = 7,
  pages = {1415-1428},
}
@book{SrivastavaKlassen2016,
  author = {A. {Srivastava} and E. P. {Klassen}},
  title = {Functional and Shape Data Analysis},
  year = 2016,
  publisher = {Springer},
  location = {New York}
}
@Misc{Steyer2021,
  author = {Steyer, L. and Stöcker, A. and Greven, S.},
  title = {Elastic analysis of irregularly or sparsely sampled curves},
  year = 2021,
  eprint={2104.11039},
  archivePrefix={arXiv},
  primaryClass={stat.ME}
}
@Misc{Stoecker2021,
  author = {Stöcker, A. and Greven, S.},
  title = {Functional additive regression on shape and form manifolds of planar curves},
  year = {2021},
  eprint={2109.02624},
  archivePrefix={arXiv},
  primaryClass={stat.ME}
}
@Article{WangChiouMueller2016,
  author = {Wang, J.-L. and Chiou, J.-M. and Müller, H.-G.},
  title = {Functional Data Analysis},
  journal = {Annual Review of Statistics and Its Application},
  volume = {3},
  number = {1},
  pages = {257-295},
  year = {2016}
}
@Book{Wood2017,
  title = {Generalized Additive Models: An Introduction with R},
  year = {2017},
  author = {S.N Wood},
  edition = {2},
  publisher = {Chapman and Hall/CRC},
}
@Article{YaoMuellerWang2005,
  author = {Yao, F. and Müller, H.-G. and Wang, J.-L.},
  title = {Functional Data Analysis for Sparse Longitudinal Data},
  journal = {Journal of the American Statistical Association},
  volume = {100},
  number = {470},
  pages = {577-590},
  year  = {2005}
}
@Manual{consulting,
  title = {Analyse von Zungenkonturen zur Untersuchung der Konsonantenanpassung an den Vokalkontext},
  author = {Le, L. and Szydlo, M.},
  year = {2015},
  organization = {Ludwig-Maximilians-Universität München},
  note = {Projektbericht}
}
@Manual{elasdics,
  title = {elasdics: Elastic Analysis of Sparse, Dense and Irregular Curves},
  author = {Steyer, L.},
  year = {2021},
  note = {R package version 0.1.1},
  url = {https://CRAN.R-project.org/package=elasdics},
}
@Manual{orthogonalsplinebasis,
  title = {orthogonalsplinebasis: Orthogonal B-Spline Basis Functions},
  author = {A. Redd},
  year = {2015},
  note = {R package version 0.1.6},
  url = {https://CRAN.R-project.org/package=orthogonalsplinebasis},
}
@Manual{R,
    title = {R: A Language and Environment for Statistical Computing},
    author = {{R Core Team}},
    organization = {R Foundation for Statistical Computing},
    address = {Vienna, Austria},
    year = {2021},
    url = {https://www.R-project.org/},
  }
@Manual{shapes,
  title        = {\texttt{shapes} package},
  author       = {Dryden, I. L.},
  organization = {R Foundation for Statistical Computing},
  address      = {Vienna, Austria},
  year         = {2019},
  note         = {Contributed package, Version 1.2.5.},
  url          = {http://www.R-project.org}
}
@Manual{sparseFLMM,
    title = {sparseFLMM: Functional Linear Mixed Models for Irregularly or Sparsely
Sampled Data},
    author = {Cederbaum, J. and Volkmann, A. and Stöcker, A.},
    year = {2021},
    note = {R package version 0.4.0},
    url = {https://CRAN.R-project.org/package=sparseFLMM},
  }
