@Manual{digits3,
  author = {Anderson, C. R.},
  title = {Object recognition using statistical shape analysis},
  year = 1997,
  organization = {University of Leeds},
  note = {PhD thesis},
} 
@Manual{elasdics,
  title = {elasdics: Elastic Analysis of Sparse, Dense and Irregular Curves},
  author = {Steyer, L.},
  year = {2021},
  note = {R package version 0.1.1},
  url = {https://CRAN.R-project.org/package=elasdics},
}
@Manual{shapes,
  title        = {\texttt{shapes} package},
  author       = {Dryden, I. L.},
  organization = {R Foundation for Statistical Computing},
  address      = {Vienna, Austria},
  year         = {2019},
  note         = {Contributed package, Version 1.2.5.},
  url          = {http://www.R-project.org}
}
@Manual{sparseFLMM,
    title = {sparseFLMM: Functional Linear Mixed Models for Irregularly or Sparsely
Sampled Data},
    author = {Cederbaum, J. and Volkmann, A. and Stöcker, A.},
    year = {2021},
    note = {R package version 0.4.0},
    url = {https://CRAN.R-project.org/package=sparseFLMM},
  }
@Book{Wood2017,
    title = {Generalized Additive Models: An Introduction with R},
    year = {2017},
    author = {S.N Wood},
    edition = {2},
    publisher = {Chapman and Hall/CRC},
  }
@Book{DrydenMardia2016,
  author       = {Dryden, I. L. and Mardia, K. V.},
  title        = {Statistical shape analysis},
  subtitle     = {With applications in \texttt{R}},
  year         = {2016},
  volume       = {995},
  publisher    = {John Wiley \& Sons}
}
@Book{RamsaySilverman2005,
  author       = {Ramsay, J. and Silverman, B. W.},
  title        = {Functional Data Analysis},
  year         = {2005},
  series       = {Springer series in statistics}
}
@Article{Cederbaum2018,
  author       = {Cederbaum, J. and Scheipl, F. and Greven, S.},
  title        = {Fast symmetric additive covariance smoothing},
  year         = {2018},
  journal      = {Computational Statistics \& Data Analysis},
  volume       = {120},
  pages        = {25--41}
}
@Article{Srivasta2011,
  author = {Srivasta, A. and Klaasen, E. and Joshi, S. H. and Jermyn, I. H.},
  title = {Shape analysis of elastic curves in euclidean spaces},
  journal = {IEEE Transactions on Pattern Analysis and Machine Intelligence},
  year = 2011,
  volume = 33,
  number = 7,
  pages = {1415--1428}
}
@Article{Steyer2021,
  author = {Steyer, L. and Stöcker, A. and Greven, S.},
  title = {Elastic analysis of irregularly or sparsely sampled curves},
  year = 2021,
  note = {Preprint}
}
